<?xml version="1.0" encoding="UTF-8"?>
<SOAP-ENV:Envelope xmlns:SOAP-ENV="http://schemas.xmlsoap.org/soap/envelope/" xmlns:mx="http://www.loc.gov/MARC21/slim" xmlns:of="http://oss.dbc.dk/ns/openformat"><SOAP-ENV:Body><of:formatResponse><marc21><mx:record format="MARC21" type="Bibliographic"><mx:leader>00000cam a22000000c 4500</mx:leader><mx:controlfield tag="007">s|||||||||||||</mx:controlfield><mx:controlfield tag="008">080131s2004    xxu||||       00||| eng|d</mx:controlfield><mx:datafield ind1=" " ind2=" " tag="020"><mx:subfield code="a">0740746960:</mx:subfield><mx:subfield code="c">$60,00</mx:subfield></mx:datafield><mx:datafield ind1="1" ind2=" " tag="029"><mx:subfield code="a">DKDLA</mx:subfield><mx:subfield code="b">870970-basis:44291789</mx:subfield></mx:datafield><mx:datafield ind1=" " ind2=" " tag="040"><mx:subfield code="a">DKDLA</mx:subfield><mx:subfield code="b">dan</mx:subfield><mx:subfield code="c">DKDLA</mx:subfield></mx:datafield><mx:datafield ind1=" " ind2=" " tag="049"><mx:subfield code="a">DK-190101</mx:subfield></mx:datafield><mx:datafield ind1=" " ind2=" " tag="084"><mx:subfield code="a">75.7408</mx:subfield><mx:subfield code="2">z</mx:subfield></mx:datafield><mx:datafield ind1=" " ind2=" " tag="084"><mx:subfield code="a">78.794-5</mx:subfield><mx:subfield code="2">z</mx:subfield></mx:datafield><mx:datafield ind1="0" ind2="0" tag="245"><mx:subfield code="a">Miracle</mx:subfield></mx:datafield><mx:datafield ind1=" " ind2=" " tag="260"><mx:subfield code="a">Kansas City, Mo. :</mx:subfield><mx:subfield code="b">Andrews McMeel,</mx:subfield><mx:subfield code="c">2004</mx:subfield></mx:datafield><mx:datafield ind1=" " ind2=" " tag="300"><mx:subfield code="a">1 bog</mx:subfield><mx:subfield code="a">1 cd ([176] sider) (20 min.) :</mx:subfield><mx:subfield code="b">ill. (nogle i farver) +</mx:subfield><mx:subfield code="e">1 dvd-video</mx:subfield></mx:datafield><mx:datafield ind1=" " ind2=" " tag="500"><mx:subfield code="a">Bog: Miracle : a celebration of new life / Anne Geddes &amp; Celine Dion</mx:subfield></mx:datafield><mx:datafield ind1=" " ind2=" " tag="500"><mx:subfield code="a">Cd: Miracle : a celebration of new life / Celine Dion with David Foster, Jochem van der Saag, Dean Parks, Rafael Padilla ... [et al.]</mx:subfield></mx:datafield><mx:datafield ind1=" " ind2=" " tag="500"><mx:subfield code="a">Dvd: Miracle : a miracle in the making : a conversation with Anne Geddes &amp; Celine Dion. producers Kel Geddes, Catherine Madigan. - Af indholdet: Photo gallery ; Song lyrics ; Artists profiles</mx:subfield></mx:datafield><mx:datafield ind1="8" ind2=" " tag="505"><mx:subfield code="a">Indhold (cd): Miracle ; Brahms' lullaby ; If I could ; Sleep tight ; What a wonderful world ; My precious one ; A mother's prayer ; The first time ever I saw your face ; Baby close your eyes ; Come to me ; Le loup, la biche et le chevalier : Une chanson douce ; Beautiful boy ; In some small way</mx:subfield></mx:datafield><mx:datafield ind1=" " ind2="7" tag="650"><mx:subfield code="a">børn</mx:subfield><mx:subfield code="2">z</mx:subfield></mx:datafield><mx:datafield ind1=" " ind2="7" tag="655"><mx:subfield code="a">pop</mx:subfield><mx:subfield code="y">2000-2009</mx:subfield><mx:subfield code="z">Canada</mx:subfield><mx:subfield code="2">z</mx:subfield></mx:datafield><mx:datafield ind1=" " ind2="7" tag="655"><mx:subfield code="a">rock</mx:subfield><mx:subfield code="y">2000-2009</mx:subfield><mx:subfield code="z">Canada</mx:subfield><mx:subfield code="2">z</mx:subfield></mx:datafield><mx:datafield ind1=" " ind2="7" tag="655"><mx:subfield code="a">vuggevise</mx:subfield><mx:subfield code="y">2000-2009</mx:subfield><mx:subfield code="z">Canada</mx:subfield><mx:subfield code="2">z</mx:subfield></mx:datafield><mx:datafield ind1=" " ind2="7" tag="655"><mx:subfield code="a">vokal</mx:subfield><mx:subfield code="y">2000-2009</mx:subfield><mx:subfield code="z">Canada</mx:subfield><mx:subfield code="2">z</mx:subfield></mx:datafield><mx:datafield ind1="1" ind2=" " tag="700"><mx:subfield code="a">Geddes, Anne</mx:subfield></mx:datafield><mx:datafield ind1="1" ind2=" " tag="700"><mx:subfield code="a">Dion, Céline</mx:subfield></mx:datafield><mx:datafield ind1="1" ind2=" " tag="700"><mx:subfield code="a">Foster, David</mx:subfield></mx:datafield><mx:datafield ind1="1" ind2=" " tag="700"><mx:subfield code="a">Padilla, Rafael</mx:subfield></mx:datafield><mx:datafield ind1="1" ind2=" " tag="700"><mx:subfield code="a">Parks, Dean</mx:subfield></mx:datafield><mx:datafield ind1="1" ind2=" " tag="700"><mx:subfield code="a">Van Der Saag, Jochem</mx:subfield></mx:datafield><mx:datafield ind1="0" ind2=" " tag="740"><mx:subfield code="a">Miracle</mx:subfield></mx:datafield><mx:datafield ind1="0" ind2=" " tag="740"><mx:subfield code="a">Brahms' lullaby</mx:subfield></mx:datafield><mx:datafield ind1="0" ind2=" " tag="740"><mx:subfield code="a">If I could</mx:subfield></mx:datafield><mx:datafield ind1="0" ind2=" " tag="740"><mx:subfield code="a">Sleep tight</mx:subfield></mx:datafield><mx:datafield ind1="0" ind2=" " tag="740"><mx:subfield code="a">What a wonderful world</mx:subfield></mx:datafield><mx:datafield ind1="0" ind2=" " tag="740"><mx:subfield code="a">My precious one</mx:subfield></mx:datafield><mx:datafield ind1="0" ind2=" " tag="740"><mx:subfield code="a">A mother's prayer</mx:subfield></mx:datafield><mx:datafield ind1="0" ind2=" " tag="740"><mx:subfield code="a">The first time ever I saw your face</mx:subfield></mx:datafield><mx:datafield ind1="0" ind2=" " tag="740"><mx:subfield code="a">Baby close your eyes</mx:subfield></mx:datafield><mx:datafield ind1="0" ind2=" " tag="740"><mx:subfield code="a">Come to me</mx:subfield></mx:datafield><mx:datafield ind1="0" ind2=" " tag="740"><mx:subfield code="a">Le loup, la biche et le chevalier : Une chanson douce</mx:subfield></mx:datafield><mx:datafield ind1="0" ind2=" " tag="740"><mx:subfield code="a">Beautiful boy</mx:subfield></mx:datafield><mx:datafield ind1="0" ind2=" " tag="740"><mx:subfield code="a">In some small way</mx:subfield></mx:datafield><mx:datafield ind1=" " ind2=" " tag="901"><mx:subfield code="a">779</mx:subfield></mx:datafield></mx:record><hs activity="insert">DKDLA</hs></marc21></of:formatResponse></SOAP-ENV:Body></SOAP-ENV:Envelope>
